% https://verbosus.com/bibtex-style-examples.html
@Book{Jensen,
author = {Finn B. Jensen William A. Kuperman Michael B. Porter, Henrik Schmidt},
editor = {Springer},
title = {Computational Ocean Acoustics},
publisher = {Springer},
year = {2011},
OPTkey = {},
OPTvolume = {},
OPTnumber = {},
OPTseries = {},
OPTaddress = {New York NY 10013 USA},
edition = {2nd},
OPTmonth = {},
OPTnote = {},
OPTannote = {}
}

@Article{Knott,
author = {Knott C.},
title = {Reflexi'on y refracci'on de ondas el'asticas con aplicaciones sismol'ogicas},
journal = {Philosophical Magazine 48},
year = {1989},
OPTkey = {},
OPTvolume = {},
OPTnumber = {},
OPTpages = {},
OPTmonth = {},
OPTnote = {},
OPTannote = {}
}


@Book{Haile,
author = {Haile J.M},
editor = {John Wiley \& Sons},
title = {Molecular Dynamics Simulation},
publisher = {John Wiley & Sons},
year = {1997},
OPTkey = {},
OPTvolume = {},
OPTnumber = {},
OPTseries = {},
OPTaddress = {},
edition = {2nd},
OPTmonth = {},
OPTnote = {},
OPTannote = {}
}


